% !BIB TS-program = 
@Misc{MadanUprety,
	author   = {Madan Uprety},
	title    = {{Wireless Networks and Mobile Communication}},
	subtitle = {{BCA-VIII}},
	year     = {2020},
	location={Birtamod, Jhapa},
	organization = {{Gomendra} {Multiple} {College}},
}

@Book{JochenSchiller,
	author   = {Jochen H. Schiller},
	title    = {{Mobile Communications}},
	date = {2003},
	edition = {Second Edition},
	publisher = {{Pearsn Education Limited}},
	location = {Edinburgh Gate Harlow CM20 2JE},
	isbn = {0 321 12381 6},
}

@misc{perkins_ip_nodate,
	title = {{IP} {Mobility} {Support}},
	url = {https://tools.ietf.org/html/rfc2002},
	month={10},
	year={1996},
	urldate = {2021-02-13},
	author = {Perkins, C.},
}

@Misc{dhcp,
	title    = {Dynamic {Host} {Configuration} {Protocol} ({DHCP})},
	year = {2020},
	month={8},
	url      = {https://docs.microsoft.com/en-us/windows-server/networking/technologies/dhcp/dhcp-top},
	urldate  = {2021-02-14},
}

@misc{SwithcingTechniques,
	title = {Switching Techniques},
     url = {https://www.javatpoint.com/computer-network-switching-techniques},
}

@misc{triangularrouting,
	author = {Kamel Hussein, Imane Aly Saroit Ismail, S. H. Ahmed},
	title = {Triangle Routing Problem in Mobile IP},
	urldate  = {2021-02-18},

}


@misc{noauthor_what_2017,
	title = {What is {5G} {\textbar} {Everything} {You} {Need} to {Know} {About} {5G} {\textbar} {5G} {FAQ}},
	url = {https://www.qualcomm.com/invention/5g/what-is-5g},
	urldate = {2021-02-18},
	journal = {Qualcomm},
	month = {6},
	year = {2017},
}



